@article{DBLP:journals/corr/RibeiroSG16,
  author    = {Marco T{\'{u}}lio Ribeiro and
  Sameer Singh and
  Carlos Guestrin},
  title     = {"Why Should {I} Trust You?": Explaining the Predictions of Any Classifier},
  journal   = {CoRR},
  volume    = {abs/1602.04938},
  year      = {2016},
  url       = {http://arxiv.org/abs/1602.04938},
  archivePrefix = {arXiv},
  eprint    = {1602.04938},
  timestamp = {Mon, 13 Aug 2018 16:49:09 +0200},
  biburl    = {https://dblp.org/rec/journals/corr/RibeiroSG16.bib},
  bibsource = {dblp computer science bibliography, https://dblp.org}
}

@article{Knuth92,
        author = "D.E. Knuth",
        title = "Two notes on notation",
        journal = "Amer. Math. Monthly",
        volume = "99",
        year = "1992",
        pages = "403--422",
}

@book{ConcreteMath,
        author = "R.L. Graham and D.E. Knuth and O. Patashnik",
        title = "Concrete mathematics",
        publisher = "Addison-Wesley",
        address = "Reading, MA",
        year = "1989"
}

@unpublished{Simpson,
        author = "H. Simpson",
        title = "Proof of the {R}iemann {H}ypothesis",
        note = "preprint (2003), available at
        \texttt{http://www.math.drofnats.edu/riemann.ps}",
        year = "2003"
}

@incollection{Er01,
        author = "P. Erd{\H o}s",
        title = "A selection of problems and results in combinatorics",
        booktitle = "Recent trends in combinatorics (Matrahaza, 1995)",
        publisher = "Cambridge Univ. Press",
        address = "Cambridge",
        pages = "1--6",
        year = "1995"
}
@article{greenwade93,
    author  = "George D. Greenwade",
    title   = "The {C}omprehensive {T}ex {A}rchive {N}etwork ({CTAN})",
    year    = "1993",
    journal = "TUGBoat",
    volume  = "14",
    number  = "3",
    pages   = "342--351"
}
